@article{DecaysOfPositronium,
    Author = {Andrzej Czarnecki and Savely G. Karshenboim},
    Title = {Decays of Positronium},
    Year = {1999},
    Eprint = {arXiv:hep-ph/9911410},
    Eprinttype = {arXiv},
    Howpublished = {B.B. Levchenko and V.I. Savrin (eds.), Proc. of the 14th
        International Workshop on High Energy Physics and Quantum Field Theory
        (QFTHEP99, Moscow 1999), MSU-Press 2000, pp. 538 - 544.},
}
@inbook {WeinbergQFT,
    author = {Steven Weinberg},
    title = {The Quantum Theory of Fields Vol.1 Foundations},
    publisher = {Cambridge University Press}
}